2692 4874
452 415 523 489 uu
549 415 860 490 DYSPHAGIA.
1085 435 1129 511 35

254 656 478 752 Exemplum
508 657 644 753 inligne
675 658 811 730 ranulae
841 658 1055 753 congenitae,
1085 683 1133 730 ex

205 827 319 899 duan
344 822 526 921 glandulae
556 822 754 895 maxillaris
784 821 962 894 inferioris
989 821 1134 895 finistrae

204 989 384 1061 obstrutlo
413 1003 450 1061 et
478 986 640 1075 dilatato,
672 985 907 1081 dysphagiam
936 986 1134 1075 inferentiS,

207 1153 314 1226 Pater
330 1177 430 1224 meus
447 1151 657 1247 conspexit:
698 1151 737 1223 in
753 1153 835 1241 hoc,
853 1152 978 1246 lingua
994 1151 1044 1223 ita
1060 1148 1135 1222 sur·

142 1350 151 1357 ·
206 1313 284 1387 sum
317 1314 558 1411 premebatur,
592 1327 633 1385 ut
668 1312 792 1386 dentes
824 1313 937 1386 medii
971 1311 1136 1385 incisores

206 1493 372 1571 quartam
400 1476 541 1572 pollicis
569 1491 706 1571 partem
737 1499 758 1547 a
784 1474 1002 1547 seinvicem
1031 1475 1136 1547 dista-

206 1656 297 1730 rent,
326 1664 367 1711 ac
396 1663 523 1712 vocem
552 1638 755 1711 distinelam
784 1637 943 1733 proferre
973 1638 1138 1731 nequiret

210 1831 317 1903 aeger.

259 1970 334 2043 Hic
351 1985 472 2070 tumor
488 1992 509 2040 a
525 1968 630 2042 Patre
647 1990 728 2038 meo
755 1979 791 2037 et
816 1964 882 2037 cel.
901 1966 1142 2056 BENJnnmo

211 2135 315 2206 Baua
346 2133 477 2207 incisus
493 2132 591 2224 fuit3
630 2131 857 2225 vulnerique,
886 2131 1011 2203 dunui
1039 2130 1141 2226 glan-

210 2300 307 2374 dulae
326 2301 523 2373 maxillaris
541 2300 720 2374 inferioris
749 2299 861 2388 illato,
892 2296 1022 2373 inserto
1052 2297 1141 2387 tubo

210 2483 393 2564 argenteo,
411 2467 595 2541 convaluit
613 2491 720 2562 aeger.

260 2638 405 2731 Lingua
421 2660 577 2730 quoque,
608 2659 655 2707 ex
672 2631 957 2705 inflammatione
974 2631 1056 2721 oris,
1082 2655 1146 2736 pa·

212 2805 287 2882 lato
304 2804 363 2878 vel
380 2828 483 2899 genae
501 2802 685 2878 interdum
702 2796 924 2872 adhaerescit.

263 2963 444 3035 Tumores
461 2988 618 3056 quoque,
638 2962 767 3056 quales
778 2949 903 3059 polypi
921 2962 1055 3057 magni,
1081 2986 1147 3035 na-

215 3126 252 3198 so
269 3141 331 3198 aut
348 3141 494 3223 gutture
510 3127 587 3199 nati
615 3141 678 3198 aut
694 3127 779 3208 inde
796 3126 993 3222 pendentes
1004 3130 1041 3215 a,
1066 3125 1148 3218 dys-

215 3291 390 3390 phagiam
417 3289 590 3363 efficiunt.
650 3292 700 3364 Et
728 3291 825 3365 idem
851 3291 983 3363 vitium
1007 3288 1150 3363 causam

218 3449 318 3540 luam
334 3454 549 3526 tumores-in
565 3477 626 3525 ore
642 3467 743 3525 natos
773 3451 931 3547 agnoscit
946 3480 959 3543 3
997 3452 1049 3524 ita
1073 3475 1150 3522 ma-

1047 3613 1152 3684 teries

260 4125 280 4164 ³*
302 4120 380 4187 Vid.
406 4121 487 4193 Tab.
502 4121 565 4189 VI.
580 4138 611 4190 et
624 4122 705 4190 VII.
