2692 4874
199 366 247 444 54
395 345 718 423 orsnuruuo
744 345 958 449 Memor
1052 288 1061 315 ’

250 591 457 685 Gangraena
481 614 628 684 quoque
653 594 698 666 ab
727 594 956 681 instrumenti
983 597 1027 669 in
1051 586 1130 673 oeso·

201 751 362 849 phagum
379 752 472 853 saepe
490 756 632 846 detrusi,
663 761 861 833 irritatione
875 763 912 850 ³¹⁸,
924 742 932 824 Δ.
944 779 1010 837 aut
1027 782 1132 840 mate·

204 920 257 992 ria
272 920 391 994 calida
408 938 470 994 aut
487 924 560 996 acri
588 924 644 997 in‘
655 933 782 1020 guttur
810 942 873 1000 aut
899 927 1135 1026 oesophagum

161 1143 163 1148 Α
204 1099 359 1177 recepta,
400 1085 541 1156 oritur:
594 1087 708 1182 Cujus
737 1091 788 1161 rei
822 1091 1063 1167 Gnuoonrus
1096 1094 1136 1175 il-

206 1244 427 1317 lustrissimus
455 1248 663 1344 exemplum
692 1252 829 1347 iufigne
860 1278 1009 1327 mecum
1043 1265 1139 1335 eorn-⁸

207 1409 418 1498 manicavit,
435 1411 567 1505 pueliae
581 1438 677 1506 quae,
694 1416 798 1488 acido
817 1415 1027 1512 sulphurico
1046 1415 1141 1514 sorpv

69 1603 71 1613 ·
204 1589 256 1661 tu,
286 1579 562 1668 quatuordecim
579 1581 712 1654 exinde
732 1582 859 1653 diebus
875 1582 1014 1679 daps&
1042 1609 1142 1680 mag·

209 1759 294 1815 mm
310 1739 493 1837 oesophagi
510 1759 650 1839 partem
666 1745 806 1830 vomitu
822 1743 986 1836 ejecerat.

258 1903 513 1993 Inflammatio‚
556 1908 751 1978 comitante
788 1904 1069 2003 condensatione
1111 1924 1144 1980 et

211 2069 394 2164 oesophagi
412 2069 555 2157 duritie,
578 2068 737 2162 ejusdem
754 2067 955 2162 angustiam
971 2033 1144 2147 inducere

211 2228 337 2322 potest.
388 2229 482 2298 Haec
499 2185 585 2333 vero
601 2226 763 2322 angustia
792 2249 1055 2319 nonnunquam
1073 2224 1147 2313 fine

212 2391 340 2484 insigni
357 2389 449 2462 callo
466 2390 508 2463 fit
524 2418 535 2480 3
562 2393 689 2463 eodem
707 2392 817 2464 modo
834 2415 874 2462 ac
892 2392 1151 2469 intestinorum-

208 2557 478 2652 ‚intus-susceptio
504 2519 631 2658 eornm
658 2549 873 2645 stri&uram,
910 2559 983 2628 fine
1013 2560 1147 2631 duritie

214 2718 339 2807 multa,
358 2718 551 2812 aliquando
568 2720 690 2794 efficit.

263 2887 466 2983 Oesophagi
482 2888 661 2960 constritii
679 2888 793 2959 multa
809 2868 1003 2960 traduntur
1021 2914 1144 2962 exent-

214 3033 287 3151 pla,
317 3075 472 3145 quorum
489 3050 760 3145 infigniffimurn
778 3064 952 3120 memorat
970 3048 1145 3122 SAMPso·

1043 3237 1152 3302 niusa

269 3851 288 3890 ³
317 3838 397 3902 Vid.
422 3837 522 3900 Mem.
536 3838 573 3900 de
587 3837 712 3900 l'Acad.
725 3833 846 3918 Royale
870 3831 1014 3916 Chirurg.
1030 3831 1148 3899 Parin.

226 3984 302 4032 tom.
314 3965 336 4030 i.
357 3987 429 4049 pag.
441 3984 513 4051 530·
846 3973 850 3983 ·
