2692 4874
198 428 246 499 40
395 392 718 475 orsnursrro
744 355 955 474 Mamor

199 666 276 741 geae
289 643 329 695 ’¹²'
345 643 551 738 grandiores
575 641 692 731 faslae,
722 638 993 713 devorationem
1018 640 1139 736 impe-

199 810 277 882 dire
302 808 453 905 possunt.

247 973 428 1046 Tumores
445 973 603 1044 strumofi
616 975 652 1068 †,
679 973 958 1066 steatomataque
971 971 1008 1068 ἶ,
1034 968 1137 1047 idem

88 1127 91 1132 ’
198 1133 331 1206 vitium
348 1131 532 1249 interdum
549 1132 738 1206 inducunt.

248 1297 407 1370 Materia
432 1321 576 1391 quoque
606 1297 699 1368 inter
728 1299 910 1371 vertebras
939 1285 1137 1371 cervicales

199 1464 394 1552 cumulata,
411 1462 470 1535 vel
485 1463 732 1535 vertebrarum
748 1460 982 1534 cervicalium
1000 1472 1136 1534 curva·

198 1639 292 1714 tura,
309 1624 428 1697 eidem
444 1625 572 1696 morbo
589 1623 709 1697 ansam
727 1625 903 1725 praebent.

249 1791 295 1861 In
311 1788 410 1885 spina
426 1788 535 1860 etiam
550 1786 706 1875 ventosa,
724 1786 899 1859 vertebrae
918 1799 1052 1876 praeter
1069 1811 1134 1859 na·

200 1960 320 2024 'turam
348 1905 539 2040 tumentes,
572 1954 799 2046 pharyngem
832 1967 869 2023 et
897 1948 1134 2046 oesophagum

108 2121 110 2126 ’
204 2113 461 2209 comprimunt,
478 2128 514 2184 et
531 2111 764 2208 dysphagiam
786 2113 988 2186 inducunt:
1030 2114 1137 2212 cujus

201 2275 254 2347 rei
279 2274 489 2369 exemplum
506 2300 527 2347 a
543 2277 648 2349 Patre
665 2301 746 2349 meo
772 2255 886 2350 visum
904 2276 986 2349 suit.

251 2437 297 2509 In
330 2436 511 2509 nonnullis
544 2438 691 2525 casibus,
725 2437 764 2509 in
796 2437 929 2531 quibus
955 2436 1135 2528 homines,

203 2614 348 2695 gutture
366 2599 470 2688 seno,
488 2613 642 2672 mortem
659 2601 723 2672 fibi
741 2601 821 2695 ipsis
838 2599 1054 2674 consciscere
1069 2627 1137 2676 vo·

1041 2765 1137 2857 lunt,

252 3307 272 3346 '³
295 3305 373 3370 Vid.
387 3305 597 3382 Montanum,
612 3307 709 3390 Epist.
720 3306 831 3370 xxviii.
851 3321 908 3368 art.
920 3306 968 3369 16.

253 3534 273 3608 †
294 3529 374 3593 Vid.
390 3529 513 3593 Brusn.
529 3528 667 3591 Sanun.
691 3545 784 3606 1722.
807 3549 876 3611 pag.
887 3545 960 3610 399.

250 3758 275 3843 1ss⁴
291 3751 370 3816 Vid.
382 3749 458 3814 Aa.
472 3748 550 3815 Nat.
564 3748 641 3812 Cur.
661 3749 739 3819 Vol.
751 3747 793 3813 vi.
816 3749 892 3815 Obs.
911 3770 980 3835 ¹49·
1089 3802 1092 3807 .

391 3933 510 4011 Etiam,
523 3935 608 4000 ΕΑΒ.
622 3934 779 3998 Hunis.
802 3934 892 4000 Ceut.
904 3935 947 3999 II.
970 3932 1046 3996 obs.
1056 3958 1108 4016 44.

390 4120 507 4198 Etiam,
523 4121 617 4185 Edln.
631 4121 718 4184 Med.
734 4118 853 4207 Effays,
876 4121 938 4187 vol.
949 4118 994 4183 iii.
1015 4140 1047 4202 p.
1060 4141 1137 4205 322.
