2692 4874
201 391 253 486 ⁶4
398 359 720 463 orarurrrro
746 387 957 460 Mamor

247 629 396 720 Aquam
412 626 598 723 frigidam,
611 627 815 700 cerevisram
828 625 1139 714 effervescentem,

200 791 342 893 spiritus
359 794 535 883 ardentes,
563 793 624 865 alii
642 792 721 865 aliis
738 793 853 865 multo
872 790 1016 866 facilius
1043 793 1140 863 hau-

203 957 315 1031 riunt.

248 1121 366 1193 Rabie
394 1119 535 1208 canini,
565 1122 733 1214 pharynx
751 1134 786 1191 et
803 1117 1018 1212 oesophagus
1042 1114 1137 1189 aded

200 1283 350 1355 mobiles
376 1283 586 1369 redduntur,
612 1296 653 1352 ut
670 1305 773 1372 aquae
790 1277 933 1375 guttuld
948 1277 1007 1350 vel
1024 1280 1138 1351 mini-

201 1445 261 1518 ma
279 1470 339 1517 ore
356 1443 510 1538 recepti,
523 1458 640 1516 totum
657 1466 786 1536 corpus
800 1442 1034 1514 vehementer
1050 1465 1139 1512 con·

201 1607 322 1679 vellat.
412 1654 414 1656 -

251 1760 456 1834 solidorum
482 1786 628 1854 quoque
656 1763 808 1833 bucceas
836 1759 988 1855 majores
1016 1761 1139 1833 mino-

201 1954 301 2002 resve
322 1930 414 2002 varii
430 1930 593 2001 homines
611 1930 794 2002 devorant.

252 2088 411 2179 Corpore
429 2088 558 2173 eredt0,
576 2085 691 2179 major
707 2084 890 2181 oesophagi
919 2086 973 2158 vis
1004 2086 1054 2158 ad
1083 2086 1139 2159 so-

204 2250 280 2323 lida
308 2220 419 2343 quam
436 2249 548 2322 fluida
574 2249 770 2344 ingerenda
797 2249 932 2320 necesse
950 2249 1018 2320 effe
1036 2251 1139 2323 vide·

203 2430 287 2503 tur3
323 2429 371 2501 et,
389 2412 561 2485 facultate
577 2413 773 2484 devorandi
791 2411 993 2500 deficiente,
1024 2415 1150 2511 vulgo.

203 2578 314 2651 solida
331 2581 535 2675 excipiendi
554 2580 704 2652 facultas
721 2582 840 2674 prirnd
859 2581 1108 2674 extinguitur.

252 2747 408 2844 Qrando
425 2760 541 2817 totum
560 2745 662 2817 suum
679 2770 743 2839 per
759 2744 901 2816 cursum
922 2742 1139 2840 oesophagus

202 2907 337 3003 spasmo
354 2907 504 2995 laborat,
518 2923 619 2980 motu
637 2908 712 3000 ejus
730 2909 868 2981 inverso
887 2925 947 2982 aut
965 2911 1141 3006 antiperi⁴

205 3062 346 3135 staltico
364 3062 466 3134 cibus
485 3062 616 3157 magna
632 3064 668 3134 vi
686 3064 859 3157 rejicitur.

254 3223 350 3295 Aliis
381 3223 466 3294 veri)
501 3222 539 3293 in
572 3223 748 3316 exemplis
781 3222 964 3317 oesophagi
994 3228 1137 3298 tantum

203 3396 316 3477 parte,
329 3379 464 3453 scilicet
477 3382 651 3472 inferiori,
664 3383 798 3479 spasmo
811 3384 1008 3475 laborante,
1021 3389 1136 3474 cibus,

205 3541 354 3614 tranfitu
373 3542 411 3613 in
428 3544 670 3618 ventriculum
696 3546 884 3641 impedito,
912 3547 950 3619 in
975 3548 1135 3645 oesopha·

206 3732 252 3802 go
270 3707 334 3782 diu
351 3707 543 3784 detinetur.

1008 3881 1131 3972 Senem
