2692 4874
441 421 513 493 DE
538 420 847 495 DYSPHAGIA.
1084 447 1136 518 43

251 665 379 737 Oritur
409 663 786 758 quoque-.dysphagia
820 687 877 739 ex-
900 659 1131 733 aneurismate
1172 654 1175 665 ’

206 829 345 900 arteriae
363 829 532 901 carotidis
549 826 750 900 communis
762 829 799 899 *ἢ

255 994 432 1066 Tumores
458 994 550 1066 inter
575 996 757 1065 tracheam
785 1006 820 1063 et
846 993 1127 1086 oesophagum†‚
1265 998 1268 1002 ’

206 1155 263 1227 vel
280 1150 450 1228 absceffus
467 1158 689 1251 pharyngem
707 1172 768 1226 aut
784 1155 1016 1248 oesophagum
1034 1177 1132 1225 com·
1182 1164 1186 1170 '

209 1319 414 1412 primenteS,
444 1318 802 1414 dysph‘agiae'ansam
837 1319 933 1390 dent.
994 1319 1133 1391 Exem-

204 1480 306 1573 plum
330 1451 376 1550 in¹
397 1481 491 1551 Tab.
510 1482 560 1552 X.
589 1482 789 1553 delineatur
807 1507 818 1570 3
856 1482 903 1552 in.
923 1497 1133 1574 qum-parte

205 1642 400 1736 pharyngis
418 1640 588 1736 superiori
606 1643 724 1730 exesi,
754 1646 918 1717 materies
942 1645 1133 1739 purulenta
1151 1699 1153 1703 -
1196 1705 1201 1713 .

206 1804 244 1873 in
262 1803 448 1898 laryngem
466 1807 583 1893 evafit,
602 1824 637 1876 et
655 1830 786 1900 aegram
805 1806 964 1876 extinxit
976 1805 1009 1898 ‡.

256 1955 398 2060 Infigrie
428 1985 648 2042 memoratur
678 1971 886 2064 exemplum
920 1996 940 2041 a
972 1971 1133 2041 Domino

206 2133 391 2219 Lucrum,
422 2159 495 2226 quo
512 2134 602 2207 sacci
619 2100 750 2229 ¹praeter
767 2155 931 2210 naturam
949 2137 1031 2208 faui
1050 2161 1135 2209 cum

206 2295 398 2401 oesophago
428 2298 686 2368 commercium
714 2299 929 2384 habuerunt,
960 2297 1132 2388 cibusque

206 2459 282 2532 fere
299 2446 414 2530 omnis
431 2461 619 2533 devoratus
637 2463 676 2532 in
692 2463 756 2532 hos
774 2460 888 2532 saccos
905 2459 1041 2531 transiit
1057 2456 1084 2555 ii.

986 2621 1134 2693 Viscera

254 3210 373 3272 *viu
389 3210 566 3272 WERNERI
584 3209 681 3290 Epist.
696 3209 901 3293 gratulatoria.
945 3211 1035 3274 LIPS.
1054 3211 1144 3293 1776.
1235 3256 1237 3263 r

257 3485 376 3564 wir.
391 3463 435 3546 Ν.
451 3484 524 3546 Au.
540 3484 614 3545 cnr.
636 3483 713 3546 vor.
727 3505 759 3545 v.
782 3483 856 3546 obs.
871 3503 918 3561 24.

262 3750 279 3819 1
302 3745 378 3806 Vid·
394 3744 439 3806 N.
456 3745 529 3806 Au.
544 3744 620 3806 Nat.
636 3744 711 3807 Cur.
732 3747 809 3808 Vol.
821 3767 851 3807 v.
876 3745 949 3807 obs.
964 3764 1016 3824 24.

261 4008 275 4096 11
299 4009 377 4075 Vid.
394 4011 503 4076 Loun.
518 4013 604 4076 Med.
619 4011 694 4076 obs.
709 4013 768 4075 and
783 4012 850 4096 Inq.
873 4014 935 4075 vol.
945 4010 988 4075 iii.
1014 4033 1044 4095 p.
1057 4011 1074 4074 8
1078 4033 1107 4094 5.
1174 4007 1176 4010 ’
