2692 4874
198 427 244 495 80
382 416 700 503 DISPUTATIO
725 415 934 491 MEDICA

196 655 346 729 minime
364 677 489 727 verum
506 655 566 741 est,
584 654 622 724 in
638 651 806 746 exemplo
821 652 919 724 enim
945 653 995 723 ab
1018 653 1130 725 Anto

196 810 329 881 tradito
341 811 378 897 a,
405 835 458 881 res
476 808 578 880 aliter
594 808 627 881 se
644 810 783 882 habuit.

215 936 220 945 .
245 969 618 1053 Animadvertendum
634 969 683 1040 est
700 992 855 1060 quoque,
881 992 920 1040 re
936 968 1079 1062 aliqua.
1091 969 1127 1041 in

198 1147 323 1229 guttur
351 1132 490 1208 fortiter
517 1133 683 1228 impulsa,
711 1134 888 1206 vomitum
916 1157 992 1205 non
1020 1136 1125 1228 aeque

200 1296 306 1389 facile
324 1323 368 1370 ac.
382 1299 506 1371 eadem
522 1314 638 1393 partes
662 1301 803 1371 tantiam
826 1298 953 1371 leviter
969 1299 1124 1372 titillan-

199 1475 248 1546 te,
267 1461 429 1533 excitari.

250 1624 393 1693 Horum
410 1621 723 1692 instrumentorum
740 1618 952 1691 alterutrum
970 1619 1129 1693 feliciter·

200 1764 363 1836 adhiberi
379 1764 503 1857 potest,
534 1777 595 1832 aut
611 1759 801 1853 oesophago
829 1757 964 1855 spasmo
982 1775 1047 1831 aut
1064 1783 1125 1854 pa·

202 1925 305 2017 ralyfi
337 1925 531 2012 laborante,
559 1938 620 1996 aut
647 1948 784 1996 veneno
816 1923 854 1993 in
881 1923 1127 1995 ventriculum

205 2098 322 2176 cepto.

253 2245 533 2316 Instrumentum
555 2244 640 2315 vero
669 2243 768 2336 prins
784 2242 1014 2336 descriptum,
1029 2244 1129 2315 'huio

206 2406 295 2495 usui,
309 2408 418 2478 altero
437 2408 562 2478 melius
579 2407 744 2479 inservire
758 2408 922 2496 videtur3
949 2372 1127 2479 illoenim

204 2567 374 2652 remedia,
405 2566 560 2638 leniendi
587 2569 714 2638 veneni
743 2565 980 2661 symptomata
1010 2568 1129 2655 causti„

205 2727 245 2798 in
261 2727 498 2799 ventriculum
516 2729 656 2821 injecta,
673 2754 736 2823 per
752 2729 840 2800 utris
857 2727 1048 2800 refilientia
1077 2730 1127 2801 la·

184 2908 283 2997 ⁸tera
313 2891 454 2961 extrahi
484 2891 635 2983 poffunt,
666 2892 814 2964 minime
830 2892 914 2963 vero
941 2917 1005 2986 per
1022 2896 1127 2965 hoca

208 3055 243 3149 J.
263 3026 433 3124 Hnnnan
451 3038 680 3146 propofitumss
754 3138 761 3148 ·

257 3218 536 3288 Instrumentum
566 3216 637 3287 tale
662 3239 806 3308 quoque
834 3213 1059 3287 utiliffimum
1079 3216 1124 3287 est

208 3383 356 3456 materie
373 3383 446 3453 acri
463 3382 501 3452 in
517 3379 756 3453 ventriculum
775 3374 934 3464 admissa,
961 3392 1023 3448 aut
1040 3376 1124 3448 a'e‘ris

993 3536 1123 3611 enormi

207 3849 1136 3891 --—-—-——-—-——--—-—-“-=--···3

261 4090 281 4129 ⁴*
302 4087 380 4153 vid.
395 4087 500 4162 Eum.
514 4087 596 4151 Med.
617 4044 734 4172 liffays,
755 4085 848 4150 vohi.
