2692 4874
202 337 252 423 62
389 335 710 410 DISPUTATIO
734 335 943 413 MEDICA

200 573 320 648 hiberi
335 573 381 644 ad
397 573 548 667 polypos
565 573 603 644 in
619 588 764 667 gutture
780 588 880 645 natos
901 575 1088 649 tollendos
1099 579 1137 651 ἦ

204 730 330 829 Quini
346 731 431 802 verd
456 731 554 803 Patri
571 754 654 800 meo
669 731 871 818 videbatur,
899 732 1069 828 polypos,
1098 737 1135 809 iri

202 891 294 965 locis
307 891 492 985 praecipud
507 893 611 963 ardis
628 893 719 980 fit0s‚
738 892 898 966 exscindi
916 912 978 968 aut
996 896 1137 992 forcipe

204 1057 310 1131 evelli
326 1083 398 1129 non
415 1058 521 1152 poffe,
547 1059 618 1131 fine
635 1061 734 1153 gravi
751 1061 885 1154 injuria
900 1063 1067 1156 partibus
1083 1063 1136 1141 vi-

206 1225 297 1295 cinis
314 1223 425 1312 iliata,
455 1224 720 1318 haemorrhagia
735 1226 884 1313 enormi,
914 1251 956 1298 ac
983 1228 1139 1300 tumoris

207 1385 410 1459 renascendi
440 1387 612 1481 pericu10,
641 1389 689 1461 ob
718 1389 854 1461 radices
877 1390 954 1483 ejus
980 1391 1138 1480 teneros,

206 1551 410 1644 ligaturam,
440 1552 478 1622 in
508 1553 606 1624 omni
634 1551 709 1625 ferd
742 1554 837 1641 casn,
869 1556 1045 1628 excisioni
1078 1568 1141 1628 aut

206 1711 377 1785 evuliioni
407 1713 593 1804 praetulit3
629 1733 736 1808 atque
768 1741 832 1810 per
859 1718 1011 1812 triginta
1027 1745 1140 1793 annos

208 1871 354 1966 elapsoe,
370 1875 485 1946 varios
501 1876 626 1947 modos
643 1877 775 1968 quibus
803 1875 998 1949 secundum
1014 1893 1138 1950 turno·

209 2035 260 2106 ris
289 2037 409 2124 situm,
437 2039 599 2110 adhiberi
616 2041 731 2134 poffit,
762 2040 985 2112 auditoribus
1002 2040 1074 2113 suis
1102 2043 1141 2116 in

210 2205 383 2275 cadavere
400 2205 663 2291 demonstravit,
694 2221 841 2299 argento
857 2205 991 2278 nitrato
1016 2208 1141 2301 posted

210 2370 335 2462 polypi
362 2370 475 2441 radici
504 2371 662 2457 admoto,
693 2387 800 2460 atque
827 2369 931 2442 variis
960 2370 1141 2464 exemplis

213 2536 466 2627 aegrotantium
489 2534 687 2618 illustravit,
717 2533 756 2603 in
785 2531 927 2623 quibus,
956 2530 1062 2604 exitu
1091 2530 1141 2607 se-

214 2699 345 2786 cundo,
364 2698 523 2791 operatio
541 2698 587 2767 sic
604 2694 764 2766 instituta
780 2707 869 2762 erat.

970 2854 1144 2949 inspiciat

261 3420 281 3458 *
300 3415 450 3488 Lmrrr,
473 3412 572 3474 Mem.
586 3411 761 3473 del’Acad.
784 3410 903 3493 Royale
929 3411 966 3469 de
995 3409 1141 3497 Chirurg.

221 3559 297 3607 tom.
308 3542 353 3604 iii.
374 3562 403 3621 p.
415 3560 507 3623 599.:
551 3545 570 3575 “
591 3537 759 3601 Reservarrt
785 3540 854 3599 d'err
877 3538 975 3618 parler
1000 3539 1075 3601 dans
1099 3561 1140 3601 un

223 3676 243 3707 ‘⁴
265 3685 349 3731 autre
364 3667 523 3740 mernoire,
542 3689 580 3727 en
595 3664 719 3728 traitant
734 3667 784 3726 des
799 3665 926 3748 polypes
941 3663 1022 3724 dela
1038 3687 1142 3751 gorge,

224 3807 243 3838 “
264 3821 341 3882 pour
364 3798 489 3881 lesqueis
516 3799 546 3861 la
571 3797 673 3859 mdme
700 3797 841 3858 mrithode
867 3818 905 3856 ne
928 3813 1066 3876 porrvant
1089 3817 1140 3883 pas

225 3940 245 3972 ‘⁸
267 3931 373 4006 servir,
389 3931 452 4014 j'en
473 3932 502 3994 ai
522 3931 657 4016 imagin&
682 3951 742 3991 une
764 3945 861 4005 autre,
875 3950 938 4013 que
960 3928 992 4013 je
1013 3928 1146 3993 dricrirai

228 4069 248 4103 “
269 4065 346 4129 alors
367 4065 440 4128 dans
454 4078 537 4128 toute
553 4063 605 4127 sorr
620 4063 782 4126 e'tendue.’'
