2692 4874
381 430 383 435 ,
464 391 537 471 mi
561 394 872 468 DYSPHAGIA·
1083 397 1132 492 69

230 813 304 893 DE
330 805 510 893 CAUSIS
537 819 830 893 OESOPHAGI
859 820 1110 894 SPASMUM
1202 814 1207 828 '

465 985 874 1058 EXCITANTIBUS.

253 1252 409 1322 Habitus
422 1250 581 1344 eorporis
597 1249 704 1320 nimis
721 1236 873 1322 sentiens
885 1268 922 1323 et
934 1251 1040 1322 nimis
1057 1275 1134 1323 mo·

200 1412 297 1499 bilis,
316 1411 480 1482 homines
496 1409 638 1505 spasmis
656 1429 874 1507 opportunos
892 1415 1041 1487 reddere
1056 1441 1134 1487 cre-

203 1571 327 1658 ditur3
354 1558 454 1656 hinc,
485 1569 623 1640 malum
640 1568 809 1660 foeminis,
838 1572 1030 1661 debilibus,
1060 1574 1133 1646 sec.

207 1729 398 1807 familiare.
423 1760 427 1767 ·

256 1897 386 1967 Nexus
408 1897 596 1969 cerebrum
613 1896 706 1968 inter
722 1912 758 1969 et
776 1896 954 1994 musculos
980 1900 1137 1972 tenebris

208 2058 299 2130 a'ded
319 2057 509 2130 obvolutus
526 2060 587 2146 est,
617 2075 659 2130 ut
687 2061 778 2131 ratio
803 2059 928 2155 spasmi
952 2076 1050 2133 certa
1074 2061 1141 2135 vix

207 2247 250 2294 ac
267 2245 312 2294 ne
329 2223 393 2294 vix
410 2223 557 2314 quidem
577 2224 677 2295 reddi
696 2224 811 2318 poffit.

259 2389 320 2460 DE
340 2389 460 2460 ΗΑΕΝ
487 2414 572 2460 eum
589 2354 699 2461 aninii
717 2390 914 2480 affeeiibus,
944 2390 1046 2464 sicuti
1063 2371 1142 2480 irae,¹

164 2608 165 2612 ,
209 2550 338 2641 dolori,
359 2519 429 2627 &e
448 2555 578 2627 tribuit
590 2559 626 2626 ²1².

260 2721 305 2790 In
323 2719 446 2791 multis
462 2720 637 2814 exemplis
666 2717 771 2812 suprd
797 2720 1012 2808 memoratis,
1043 2722 1144 2794 nulla

211 2883 323 2953 animi
340 2881 483 2953 affeeiio
499 2883 689 2953 vehemens
721 2907 834 2976 aegros
862 2883 1018 2956 turbeffe
1040 2886 1141 2957 vide-

211 3065 293 3120 tur:
323 3048 415 3118 adio
432 3047 581 3138 quidem
596 3043 670 3139 ipsa
687 3042 930 3114 musculorum
950 3045 1014 3136 qui
1035 3046 1142 3117 devo-

214 3209 345 3282 rationi
374 3207 580 3293 inserviunt,
611 3207 730 3278 ansam
759 3207 947 3300 praebuiffe
976 3209 1142 3298 videtum

215 3375 369 3470 spasmus
398 3373 493 3454 enim
524 3372 774 3465 aegruminter
791 3368 1040 3463 prandendum
1066 3373 1145 3439 cor-

216 3537 338 3631 ripuit.
390 3535 493 3628 Saepe
519 3551 641 3605 tamen
664 3532 799 3604 maium
818 3530 1073 3604 consuetudine
1091 3531 1147 3602 in-

930 3694 1147 3789 gravescens,
1272 3760 1276 3766 .

1116 3961 1159 3973 c-

268 4138 287 4176 *
308 4134 386 4200 Vid.
402 4134 530 4202 Differt.
543 4138 581 4202 de
596 4137 809 4224 Degiutitione
824 4137 901 4215 laesa,
923 4159 992 4225 pag.
1008 4156 1058 4222 25.
