2708 4860
336 380 674 484 -oaa-oiAE
722 413 840 488 aa
866 413 939 488 xi.
1067 431 1135 520 117

206 652 242 724 C
350 646 607 744 Oesophagum
623 666 801 746 apertum.

206 813 328 887 1)Βῦ
354 814 548 886 Foramina
572 838 664 908 pure
685 813 801 902 exesa,
828 817 946 889 itaut
974 816 1138 888 materies

406 976 602 1072 purulenta
626 975 691 1049 sub
714 976 940 1072 epiglottide,
962 976 1073 1070 inque
1087 974 1139 1048 la-

407 1161 559 1232 ryngem
575 1138 751 1211 tranierit.

652 1367 752 1409 Ε

500 1540 539 1619 Τ
568 1539 608 1616 Α
635 1540 684 1617 Β.
769 1539 853 1618 ΧΙ.

254 1745 358 1825 :Haec
375 1826 378 1831 ,
398 1742 525 1831 ¹tabula
553 1758 674 1839 partes
705 1743 889 1840 oesophagi
922 1744 1143 1839 posteriores,

213 1932 344 2003 easque
360 1933 443 2003 quae
460 1909 493 1980 ei
509 1909 638 1981 vicinae
654 1906 749 1998 sunt,
765 1908 927 1981 exhibet.

262 2077 348 2155 Hoc
357 2076 403 2155 ,in
418 2075 598 2171 exemplo,
612 2075 777 2157 materies
790 2075 984 2170 purulenta
999 2075 1039 2147 in
1055 2071 1144 2145 oeso·

214 2234 336 2330 phago
350 2248 446 2322 nata,
463 2233 533 2305 iter
548 2202 644 2320 inker
660 2230 894 2327 oesophagum
909 2245 946 2304 et
962 2233 1146 2304 tracheam

216 2394 314 2484 feeit,
343 2414 380 2468 et
408 2396 449 2468 in
474 2397 657 2470 tracheam
674 2397 816 2492 irrupit,
833 2422 907 2492 quo
924 2422 1020 2493 aeger
1037 2395 1144 2469 suffo-

215 2571 317 2631 catus
332 2556 415 2629 fuit.

218 2720 292 2791 AA
317 2718 584 2815 Oesophagum.

217 2882 249 2955 B
314 2882 458 2955 Partem
475 2882 658 2978 oesophagi
675 2883 796 2959 ulcere
811 2886 954 2991 exesam
970 2891 1134 2965 ostendit.

132 3056 138 3065 '
222 3045 253 3120 C
320 3045 535 3118 Tracheam.

100 3210 105 3215 '
220 3202 256 3275 D
316 3204 439 3275 Acum
457 3204 697 3280 transmiffum
720 3235 785 3305 per
810 3212 879 3285 iter
894 3230 1148 3308 praeternatu-

367 3392 445 3491 ram
473 3369 610 3443 factum
639 3372 732 3445 inter
771 3374 1007 3473 oesophagum
1038 3397 1075 3451 et
1100 3379 1149 3451 ·li-

367 3549 484 3617 tetam
499 3536 532 3607 E
550 3560 694 3610 ramum
710 3540 882 3614 dextrum
898 3546 1066 3619 tracheae.

222 3689 254 3761 F
323 3689 469 3762 Partem
483 3691 668 3794 oesophagi
685 3704 964 3799 coangustatam.

221 3852 256 3925 G
322 3851 438 3924 Plicas
454 3856 589 3939 tunioae
606 3859 746 3937 intimae
763 3864 960 3965 oesophagi.

218 4010 263 4091 Ἠ
322 4012 448 4089 Aortae
466 4038 602 4092 arcum.
