2692 4874
456 428 533 502 DE
554 426 867 500 DYSPHAGIA.
1090 456 1139 526 49

254 673 314 745 Ne
332 686 504 766 augeatur
520 669 769 759 inflammatio,
783 672 943 742 remedia
960 671 1140 767 antiphlo-

206 835 331 934 gistica
348 839 554 912 adhibenda
571 839 663 911 sunt.

254 999 465 1086 Hirudines,
497 999 592 1071 collo
623 998 824 1093 applicatae,
855 995 1007 1093 praesens
1035 998 1139 1068 auxi-

133 1239 135 1244 ,
204 1163 295 1234 lium
325 1136 491 1236 afferunt.¹
554 1163 775 1234 Veficatoria
805 1188 951 1255 quoque
984 1162 1024 1233 in
1056 1164 1136 1250 hac,

203 1329 294 1405 ficut
323 1327 362 1399 in
390 1326 468 1399 aliis
497 1327 852 1414 inflammationibus,
883 1325 1028 1399 forsitan
1056 1352 1167 1422 pro-x

203 1489 349 1567 derunt.
411 1489 472 1563 Ex
502 1489 731 1561 hirudinibus
758 1506 821 1562 aut
849 1492 1063 1564 vesicatoriis
1094 1493 1139 1564 ad

204 1669 344 1749 partem
377 1653 532 1730 thoracis
566 1654 807 1749 posteriorem,
842 1657 955 1748 prop&
988 1652 1137 1750 spinam,

204 1785 278 1912 ouo
308 1817 489 1912 sanguinis
516 1819 671 1912 impetus
702 1818 741 1888 in
770 1817 856 1888 vasis
887 1842 934 1888 ex
961 1833 1060 1888 aotta
1078 1814 1139 1888 de-

204 1983 394 2055 scendente
412 1967 517 2054 natis¹
534 1983 728 2070 minuatur,
761 1982 859 2054 haud
876 1983 1066 2078 proculab
1085 2007 1140 2054 ar-

202 2143 302 2215 teriis
334 2138 555 2242 oesophageis
589 2145 765 2238 appositio,
803 2145 1006 2217 maximum
1039 2171 1139 2219 com·

205 2311 356 2381 modum
382 2308 520 2404 sperare
537 2309 634 2381 licet.
685 2312 766 2382 Nec
797 2310 1043 2405 diaphoretica
1071 2315 1140 2394 mi·

204 2476 297 2562 ¹tiora
312 2474 419 2547 fimdl
435 2499 520 2546 cum
535 2475 751 2549 veficatoriis
768 2477 974 2576 rejicienda,

273 2640 360 2710 Una
392 2664 477 2710 cum
508 2640 564 2710 his
597 2641 774 2729 remediis,
818 2645 1071 2744 gargarismata
1104 2674 1141 2726 e·

206 2800 418 2888 mollientia,
449 2800 550 2871 velut
577 2799 719 2871 althaeae
739 2800 896 2890 decodia,
927 2803 993 2882 lini
1011 2805 1139 2894 infusa,
1246 2845 1249 2849 >

204 2963 320 3056 tepidi
349 2987 495 3055 quoque
521 2989 669 3057 vapores
686 2965 726 3036 in
743 2968 929 3045 tracheam
945 2985 981 3048 et
997 2970 1140 3066 pulmo-

203 3149 266 3196 nes
283 3124 447 3213 inhalati,
479 3125 638 3206 maximi:
668 3126 812 3197 valent:
853 3132 1000 3229 trachea
1029 3096 1137 3222 enim,

206 3289 286 3361 va'sa
310 3289 381 3378 sua,
412 3316 623 3382 nervosque,
650 3317 697 3363 ex
727 3290 860 3363 eisdem
887 3296 1068 3383 radicibus
1099 3323 1140 3370 ac

204 3455 419 3550 oesophagus
445 3458 565 3527 habet.
1067 3413 1068 3416 Ἴ

236 3592 432 3687 ‘Balneum
460 3618 626 3712 tepidum
659 3643 732 3711 quo
766 3597 993 3692 removeatur
1027 3622 1139 3711 dolor,

206 3779 463 3873 minuaturque
480 3780 663 3876 oesophagi
680 3784 802 3872 tenfio,
818 3785 1140 3858 inflammationem
1178 3880 1182 3886 ἢ

206 3948 315 4020 etiam
332 3948 474 4021 minuit.
503 4043 505 4050 ἲ

601 4118 635 4185 G
920 4131 921 4135 ’
965 4121 1140 4194 CAPUT
