2692 4874
331 362 403 435 DE
424 359 739 434 'DYSPHAGIA
974 364 1024 439 61*

95 606 225 680 morbo
239 603 454 693 laborantes,
483 603 720 698 hydrargyro,
754 599 921 676 omnibus
944 603 1028 677 aliie

70 770 264 857 ,remediis
282 769 459 843 incassfim
472 769 631 856 tentatis,
650 766 780 843 sanaffe
797 767 961 842 affirmat.

145 939 191 1010 In
223 934 401 1031 plerisque
433 951 555 1009 autem
590 933 796 1029 hujusmodi
838 936 1025 1032 exemplis,

96 1129 193 1199 aeger
210 1103 351 1177 nullum
368 1127 416 1175 ex
433 1102 497 1174 isto
513 1101 673 1174 remedio
694 1101 929 1173 commodum
944 1125 1025 1196 per-

96 1265 219 1360 cipiet.
271 1267 378 1337 Hanc
396 1265 435 1336 in
451 1280 620 1352 mentem,
648 1288 724 1336 non
748 1261 861 1336 solem
879 1277 1025 1358 propter

96 1445 281 1504 tumorum
302 1427 504 1523 analogiam
521 1428 615 1499 intra
631 1425 767 1514 nasum,
792 1450 841 1512 os,
865 1427 1024 1520 pharyn-

96 1616 181 1688 gem
212 1605 391 1678 natorum,
421 1591 588 1664 indueras
618 1589 719 1679 sum3
761 1592 890 1662 veram
915 1589 1026 1663 etiarn
1105 1663 1110 1670 ,

94 1765 243 1855 propter
259 1755 427 1851 exempla
444 1755 548 1850 plura
576 1756 689 1828 Patris
707 1756 779 1827 mei
807 1780 904 1827 curae
922 1779 1026 1829 man·

97 1921 194 2007 data,
225 1920 263 1991 in
279 1920 421 2012 quibus,
452 1934 583 2014 praeter
606 1936 795 2013 argentum
810 1920 947 2007 vivum,
975 1919 1027 1992 ci-

96 2074 194 2162 cuta,
221 2073 520 2168 hyoscyamoque‚
555 2079 593 2149 in
625 2077 728 2150 usum
760 2077 847 2150 licet
877 2079 1025 2165 vocatis,

90 2256 245 2323 eventus
260 2255 382 2316 tamen
398 2240 530 2314 infelix
547 2241 628 2314 fuit.
681 2244 930 2319 Indurationes
959 2243 1027 2314 ita,

98 2424 171 2493 que
197 2416 233 2472 et
261 2400 432 2474 {initurae
456 2401 640 2498 oesophagi
658 2429 678 2476 a
695 2407 925 2479 Manciam
951 2431 1026 2479 me-

98 2580 259 2652 moratae,
288 2591 335 2639 ex
365 2566 424 2638 lue
452 2592 603 2640 venerea
632 2571 703 2641 fine
721 2571 832 2650 dubio
850 2572 1027 2672 originem

100 2732 296 2814 duxerunt,

108 3161 180 3244 DE
206 3162 362 3233 MODO
392 3160 631 3233 TUMORIS
659 3162 734 3233 EX
760 3161 1038 3268 GUTTURE'

427 3325 707 3399 TOLLENDI.

150 3597 312 3668 Lavnar
337 3597 487 3701 polypos
513 3597 606 3672 uteri
632 3622 673 3668 ac
693 3597 846 3693 vaginae,
873 3597 1030 3693 ligatura

101 3762 318 3834 excidendas
335 3761 481 3843 suadet:
522 3760 576 3832 illi
597 3778 719 3833 tamen
735 3761 924 3834 videbatur
953 3785 1031 3832 mo-

102 3925 192 4000 dum
209 3924 390 4028 operandi,
421 3949 529 4018 quem
548 3923 741 4026 descripsit,
768 3951 842 4002 non
856 3925 952 4022 poffe
969 3926 1031 3998 ad-

910 4088 1033 4160 hiberi
