2692 4874
203 391 251 467 70
392 372 715 454 olseotfflo
741 363 972 462 nenton

199 613 416 707 gravesccnS,
445 617 640 690 levioribus
656 625 779 711 causis,
810 629 940 720 panim
966 632 1138 726 cognitis,

202 800 319 869 oeque
337 776 443 852 facile
461 780 701 872 observandis,
717 788 910 861 excitatur,

219 1193 290 1264 DE
315 1193 498 1266 SPASMI
524 1197 817 1270 OESOPHAGI
845 1199 1117 1304 DIAGNOSI.

251 1465 454 1576 Oesophagi
488 1479 613 1575 spasmi
657 1481 830 1555 facillime
863 1484 1140 1578 dignoscuntur,

202 1670 249 1716 ex
276 1645 447 1718 facultate
479 1647 675 1719 devorandi
705 1648 853 1720 omnino
871 1647 1037 1743 suspensa
1050 1679 1063 1744 3
1091 1676 1140 1724 ex

104 1856 120 1870 -.
202 1809 366 1879 saucibus
390 1783 498 1880 aridis
524 1826 560 1881 et
585 1811 707 1902 ficcis;
743 1811 803 1883 vel
829 1838 876 1884 ex
902 1763 1029 1908 quavis
1056 1817 1139 1889 sub·

202 1977 340 2065 stantia,
370 1976 482 2049 solida
507 1979 678 2065 fluidave,
704 1930 798 2050 intet
827 1978 1077 2052 devorandum
1100 1983 1138 2055 in

203 2140 448 2213 ventriculum
477 2141 623 2212 tranfire
652 2140 846 2229 recusante,
877 2156 913 2212 et
931 2166 992 2212 ore
1008 2142 1138 2216 nasove

203 2308 345 2402 rejecta.

192 2433 195 2436 ῃ
252 2471 377 2542 Morbi
394 2487 521 2542 natura
538 2471 692 2566 amplios
710 2487 820 2566 patet,
851 2497 898 2544 ex
924 2429 1015 2566 stilo
1033 2476 1137 2546 balce-

204 2639 302 2707 nario
333 2635 508 2730 (Anglice
534 2636 717 2731 Probang)
750 2636 788 2706 in
813 2636 1047 2731 oesophagum
1075 2642 1137 2710 de·

203 2801 312 2888 truso,
336 2825 446 2893 quem
468 2800 554 2895 gula
582 2800 655 2894 ipsa
684 2804 779 2873 artie
810 2804 907 2894 quafi
924 2805 1135 2898 complesii·

202 2984 273 3054 tur,
292 2983 327 3038 et
344 2946 548 3038 descensum
580 2964 656 3060 ejus
684 2967 723 3036 in
751 2964 995 3037 ventriculum
1021 2967 1136 3061 impe-

205 3136 259 3206 dit
273 3161 284 3223 3
310 3159 383 3206 vox
401 3158 546 3226 quoque
563 3147 735 3222 mutatur,
750 3147 786 3203 et
802 3131 999 3224 aliquando
1017 3135 1136 3204 omni-

185 3289 187 3295 ’
205 3300 253 3371 no
272 3297 407 3370 deficit.

486 3637 557 3710 DE
582 3638 856 3714 PROGNOSI,

243 3924 429 4028 'Quamvis
459 3925 604 3996 morbus
621 3925 659 3997 in
675 3918 889 4016 quibusdam
906 3922 1081 4018 exemplis
1098 3924 1134 3994 in

208 4056 394 4166 sanitatem
449 4105 610 4165 mutatur
650 4091 726 4186 post
768 4090 913 4194 iteratos
952 4085 1135 4182 oesophagi

974 4244 1133 4339 spasmos,
