2692 4874
208 409 256 480 24
322 457 330 469 ,
397 375 720 459 DISPU'TATIO
746 382 957 455 numen

207 628 513 701 accommodatior
529 628 578 699 est
594 652 606 716 3
642 625 691 697 fic
707 624 806 696 enim
822 623 908 710 cibi,
937 638 1003 707 aut
1029 622 1152 719 cujus-

204 792 258 865 vis
275 791 366 864 alius
383 784 615 879 rei'frustum
629 792 726 863 circa
743 790 997 886 epiglottidem
1012 791 1147 882 fixum,

206 957 350 1030 extrahi
366 957 491 1052 potest.
568 966 571 971 '

253 1120 324 1193 Pro
357 1117 498 1190 nummi
529 1141 576 1189 ex
606 1114 800 1214 oesophago
832 1108 1071 1227 extractione,
1107 1144 1145 1193 os

204 1294 389 1352 cetaceum
416 1278 578 1373 longum,
612 1276 673 1349 cui
707 1276 780 1349 duo
812 1269 980 1349 tenacula
1014 1250 1143 1350 obtusa

204 1443 399 1515 nolluntur
410 1441 448 1529 ²¹¹³,
478 1439 585 1533 quale
602 1439 708 1512 Pater
724 1462 826 1513 meus
847 1437 1018 1511 fabricari
1035 1408 1145 1512 cura-⁴

203 1601 267 1689 vit,
298 1598 424 1672 multis
458 1600 590 1672 abhinc
626 1600 740 1687 annis,
774 1624 814 1671 ac
844 1599 1141 1694 praelectionibus

203 1764 273 1839 suis
289 1764 509 1853 monstravit,
528 1764 775 1837 adhibendum
794 1765 855 1836 est.

253 1929 355 2001 Dum
372 1928 469 2000 enim
485 1927 654 2000 tenacula
682 1927 779 2000 ultra
803 1950 995 2002 nummum
1026 1926 1141 2000 trans·

86 2070 88 2075 .
133 2066 136 2079 Ι
199 2095 303 2168 milla
319 2119 360 2167 ac
378 2095 462 2167 dein
479 2045 758 2181 retraclaihunc
776 2092 1019 2188 prehendunt,
1046 2093 1139 2167 oeso·

202 2263 315 2358 phagi
343 2259 456 2332 latera
478 2272 608 2331 cavent
624 2282 670 2330 ne
686 2281 856 2329 nummus
884 2281 932 2328 ex
960 2256 1140 2330 tenaculis

84 2502 88 2513 .
202 2420 392 2514 elabatur3
417 2436 540 2518 katque
565 2423 835 2518 nummus'ipse,
860 2446 1018 2517 quoque,
1046 2437 1138 2497 ate·

201 2588 339 2662 naculis
356 2589 589 2686 oesophagum
608 2588 782 2662 defendit.

1072 2761 1136 2835 Ad

250 3381 269 3421 t
289 3374 368 3457 Vitl.
393 3375 474 3438 Tab.
487 3372 552 3440 IV.
574 3373 849 3460 fig.1.‚velfig.2.
903 3375 973 3439 Pars
998 3376 1066 3441 talis
1080 3377 1128 3443 iu·

196 3504 360 3579 strumenti
373 3520 495 3568 cetacea
507 3505 608 3599 ‘debet
632 3503 691 3567 effe
704 3502 818 3591 viginti
830 3504 955 3587 pollices
968 3507 1069 3594 longa,
1091 3525 1127 3575 ut

205 3637 244 3699 ad
259 3633 463 3699 ventriculum
476 3634 639 3720 pertingat,
650 3657 684 3698 ac
694 3658 733 3698 ne
747 3634 899 3706 dilabatur
912 3661 929 3700 e
944 3660 1038 3704 manu
1049 3639 1126 3706 Chi.

203 3762 298 3849 mugi,
322 3763 413 3862 quod¹
426 3763 534 3824 revera
548 3762 581 3824 in
595 3761 686 3826 unico
701 3761 808 3826 saltem
823 3765 966 3845 exemplo
989 3763 1127 3829 accidiffe

203 3893 336 3969 videtur,
364 3907 396 3955 et
419 3912 501 3977 aegro
524 3908 656 3958 mortem
682 3891 824 3962 intuliffe·
838 3892 971 3960 -Vid.
994 3895 1088 3961 Tom.
1102 3896 1125 3962 i.

202 4025 303 4091 Mem.
318 4026 355 4088 de
369 4024 496 4089 l'Acad.
509 4023 593 4110 Roy.
608 4026 645 4088 de
662 4023 806 4110 Chirurg.
822 4024 938 4090 ans.
