2692 4874
211 441 279 491 102
403 413 726 520 DISPU'I'ATIO
753 414 967 489 MEDICA

256 656 293 727 Si
324 680 462 727 venena
493 656 638 726 extrahi
671 670 863 746 nequeant,
890 653 1038 729 auxilia
1064 678 1134 750 quae

205 821 404 893 eorundem
422 821 652 891 acrimoniam
673 821 849 905 minuant,
880 819 1078 893 necessaria
1100 820 1135 893 fi-

204 1002 295 1060 unt:
345 988 408 1058 *Ad
427 988 518 1058 hanc
536 1008 624 1073 rem,
643 987 819 1072 Natura,
845 983 1067 1059 solutionem
1081 988 1135 1058 he·

204 1150 297 1243 patis
329 1148 520 1243 sulphuriS,
561 1175 671 1242 quam
704 1150 905 1223 arsenicum
947 1151 1135 1227 innoxium

205 1315 366 1406 miteque
385 1316 533 1386 reddere
550 1316 677 1402 credit,
704 1315 840 1389 laudat.
883 1311 907 1376 s

256 1478 311 1549 Ut
324 1479 369 1550 ab
383 1478 529 1551 arsenici
548 1480 686 1552 actione
704 1480 947 1553 defendantur
959 1482 1137 1555 ventricu-

202 1642 258 1715 lus
288 1659 325 1714 et
353 1643 528 1731 intestina,
559 1661 672 1736 utque
697 1643 826 1714 leniter
852 1642 960 1714 simul
986 1642 1139 1717 solvatur

204 1807 314 1894 alvus,
346 1807 469 1881 oleum
493 1807 609 1894 ricini,
639 1804 771 1899 jusque
788 1804 951 1890 ovinum,
971 1802 1061 1876 'dari
1079 1828 1137 1899 po-

204 1972 280 2043 test.

127 2189 129 2194 s
252 2135 337 2222 Lac,
355 2133 445 2221 olea,
464 2147 500 2204 et
516 2131 713 2226 praesertim
738 2157 885 2203 ovorum
906 2132 1000 2221 alba,
1033 2136 1135 2234 quip-

201 2320 246 2390 pe
264 2293 462 2367 arsenicum
479 2293 682 2389 suspensum
699 2311 837 2383 tenent,
866 2296 1027 2390 prosunt.
1132 2353 1133 2356 ,

255 2459 462 2533 'Cathartica
493 2461 653 2549 fortiora,
685 2463 826 2535 stimulo
855 2462 930 2553 sun,
955 2465 1135 2538 intestino-

201 2651 283 2697 rum
300 2627 461 2699 dolorem
479 2629 872 2720 inflammationemque
891 2647 1038 2724 augent.

131 2805 133 2809 ’
252 2791 288 2862 Si
307 2816 402 2886 aeger
419 2792 630 2884 aliquandiu
649 2793 898 2887 supervixerit,
931 2795 1044 2869 diaeta
1069 2797 1131 2869 mi-

204 2956 333 3028 tissima
362 2958 622 3030 convalescenti
652 2959 898 3053 praeeipienda
926 2960 987 3031 est.
1042 2963 1132 3033 Dato
1168 2978 1174 2989 ·

200 3124 349 3196 nbrnrr
368 3126 442 3219 opu
459 3126 634 3221 pauxillo,
664 3126 818 3198 semma
836 3086 1004 3198 erenum
1034 3128 1130 3200 aru.

200 3287 339 3373 beatnr,
376 3313 448 3380 quo
482 3290 607 3384 ingens
643 3291 825 3362 mobilitas
861 3276 944 3382 quae
977 3290 1162 3364 arsenico‚

200 3450 366 3541 efficitur,
395 3469 437 3526 ut
466 3480 532 3526 nos
560 3457 666 3526 docet
699 3456 766 3528 ces.
802 3458 862 3527 Du
891 3458 1027 3545 Hiran,
1067 3456 1128 3529 mi-

206 3632 348 3690 nuatur.

250 3782 431 3882 Qroniam
449 3785 493 3855 ab
512 3784 560 3854 eis
579 3784 642 3876 qui
661 3784 773 3855 vitam
804 3783 868 3854 sibi
883 3785 1044 3857 uenenis
1070 3811 1128 3860 ex·

199 3944 367 4049 tinguere
383 3945 520 4036 volunt,
539 3949 584 4019 ad
602 3948 799 4021 arsenicum
826 3948 997 4045 opiumve
1025 3951 1130 4047 vulgi>

912 4117 1132 4214 confugitur,
