2692 4874
350 378 424 452 or
448 375 761 450 nrerAGrA.
985 400 1033 476 59

104 619 216 711 suque
232 619 269 690 in
286 634 432 714 gutture
448 618 582 713 pulsus,
611 620 665 689 fiti
682 634 926 713 permanente,
952 620 1033 712 dys-

104 779 238 873 phagiti‘
269 783 457 876 perstante,
485 782 777 876 suppurationem
806 783 938 855 fatiam
966 766 1034 856 else

106 943 254 1015 constat.

155 1107 360 1201 Gangraena
375 1126 496 1182 autem
512 1111 771 1205 superveniens
790 1139 836 1185 ex
854 1117 951 1186 omni
969 1116 1035 1187 do·

105 1266 182 1338 lore
207 1267 370 1356 ceffante,
400 1269 541 1357 foetore,
568 1270 759 1363 coloreque
788 1273 892 1366 nigro
922 1289 1034 1344 mate·

105 1431 171 1503 riei
203 1450 394 1521 excreatae,
436 1461 484 1506 ex
516 1439 672 1531 gutturis
703 1439 859 1532 nigritie,
890 1454 1034 1509 artuum

106 1591 279 1686 languore
295 1612 332 1665 et
346 1593 491 1688 frigore,
512 1621 559 1668 ex
575 1596 679 1691 pulsu
696 1595 884 1668 celerrimo
902 1611 938 1668 et
954 1620 1037 1690 par.-

107 1783 153 1830 vo
171 1759 353 1848 existente,
373 1760 604 1854 dignoscitur.

158 1923 321 1996 Affeuus
350 1924 412 1996 alii
439 1929 509 1997 hoc
540 1929 659 2020 capite
688 1929 813 2015 notati,
847 1926 963 2000 solum
990 1953 1038 1999 ex

109 2089 217 2158 modo
236 2113 310 2179 quo
327 2089 508 2162 devoratio
526 2090 579 2178 fit,
606 2091 840 2185 oesophagum
857 2090 928 2160 offe
943 2104 1039 2160 ceta-

110 2279 175 2326 reo
207 2255 472 2349 perscrutando,
505 2282 551 2327 ex
584 2257 675 2327 statu
708 2256 796 2349 aegri
825 2253 1041 2325 valetudinis

111 2418 292 2490 ordinario
320 2418 478 2512 cognit0,
508 2419 684 2524 imprimis
717 2419 742 2488 fi
775 2416 845 2487 luis
876 2439 1038 2488 venereae

113 2577 264 2672 suspicio
281 2581 334 2666 fit,
359 2580 625 2674 dignoscuntur.

264 3082 336 3152 DE
362 3081 611 3152 MEDENDI
637 3077 888 3150 RATIONE.

75 3487 77 3490 .
167 3415 433 3508 suppuratione
466 3414 542 3508 post
571 3413 889 3489 inflammationem
925 3410 1046 3506 super-

118 3577 293 3661 veniente,
322 3591 363 3647 ut
387 3600 428 3646 ea
454 3573 762 3668 cataplasmatibus
780 3573 1046 3652 emollientibus

120 3752 381 3831 promoveatur,
400 3753 436 3808 et
453 3738 679 3831 dirumpatur
696 3753 827 3822 tumor,
858 3734 1048 3805 nitendum

121 3904 182 3974 est.
246 3904 323 3973 Aut
355 3917 495 3973 tumore
525 3902 569 3972 ab
596 3915 697 3995 parte
730 3898 892 3979 inferiori
925 3897 1047 3984 inciso,

822 4060 1052 4157 astringentii
