2692 4874
440 375 512 492 oa
538 417 849 493 nrsrrraom.
1090 420 1137 516 63

254 661 384 733 Senem
413 661 519 732 antea
546 657 763 731 sanissimum
789 662 954 754 cognovi,
985 664 1050 756 qui
1077 664 1134 735 bis

204 821 388 917 oesophagi
406 820 553 916 spasmo,
567 846 631 915 per
642 822 833 917 prandium
852 839 1036 920 correptus
1051 825 1134 898 fuit.
1244 864 1246 869 ·

204 986 346 1066 Primus
363 986 482 1057 morbi
499 986 665 1079 impetus,
690 1010 820 1079 paucas
836 989 912 1080 post
930 991 1035 1060 horas
1051 1014 1135 1062 ene·
1207 1010 1213 1016 ·

204 1165 301 1221 mate
318 1148 485 1241 anodyno
502 1146 660 1219 sublatus
673 1145 769 1236 fuit3
796 1138 855 1219 sed
872 1147 1028 1241 impetus
1039 1171 1139 1220 mor·

205 1311 245 1381 bi
262 1310 362 1399 alter,
380 1313 571 1406 postqudm
588 1327 659 1383 tres
675 1332 738 1385 aut
754 1329 910 1406 quatuor
926 1313 1002 1384 dier
1030 1314 1137 1386 dura-

207 1488 318 1562 verat,
354 1475 537 1569 (enemate
571 1477 740 1568 anodyno
777 1475 928 1568 aliisque
960 1474 1138 1547 incassum

206 1635 352 1711 tentatis
369 1635 568 1731 remediis),
586 1634 709 1730 sponte
724 1636 872 1707 tandem
888 1636 1043 1708 cessavit.

257 1799 491 1872 Gnaoomus
509 1799 576 1871 cel.
608 1825 750 1874 mecum
780 1799 992 1895 exemplum
1008 1800 1140 1895 puellae

209 1960 364 2052 hysterid
380 1962 575 2035 laborantis
591 1965 885 2053 communicavit,
910 1965 969 2036 cui
987 1963 1142 2058 dyspha-
1162 1919 1165 1923 -

210 2127 271 2220 gia
298 2152 363 2222 per
391 2126 512 2222 plures
538 2129 614 2207 dies¹
645 2112 802 2223 perstans
831 2127 1035 2222 supervenit
1047 2135 1063 2196 'z
1107 2141 1144 2197 et

210 2284 365 2362 scintilld
381 2287 549 2360 eledrricd
565 2314 629 2383 per
646 2304 772 2393 guttur
784 2286 916 2375 elicita,
931 2287 1048 2359 levata
1061 2285 1143 2359 fuit.

261 2449 465 2546 Oesophagi
501 2449 635 2546 spasmo
667 2477 732 2546 per
763 2450 933 2523 scintillas
962 2439 1146 2525 eledricas
1209 2455 1210 2458 ’

211 2612 363 2702 sublato,
404 2614 626 2687 ventriculus
659 2615 859 2709 gravissime
892 2615 1145 2707 afficiebatur3

212 2770 272 2846 sed
288 2775 368 2844 haec
386 2771 533 2868 quoq‘ue
549 2778 741 2852 ventriculi
759 2777 913 2867 affeuio,
943 2779 1062 2862 eidem
1091 2807 1147 2862 re-

214 2938 336 3010 medio
349 2941 500 3014 tandem
518 2941 625 3015 cefflt.
1103 2912 1106 2920 Α

278 3107 533 3194 Oosruuuru,
577 3108 621 3180 de
663 3112 810 3182 homine
843 3114 903 3184 cui
937 3114 1152 3209 oesophagus
1182 3200 1185 3204 ,

215 3267 408 3339 duodecim
425 3267 500 3339 dies
517 3266 651 3362 spasmo
669 3271 902 3364 afficiebatur,
929 3275 1151 3356 mentionem

220 3435 307 3516 facit
319 3436 358 3505 *ἦ

621 3603 640 3672 1
1034 3607 1153 3701 AEger
1229 3670 1231 3672 ,

268 4021 286 4057 *
307 4014 386 4078 Vid.
410 4015 613 4082 Burmann.
637 4018 674 4082 de
696 4018 764 4080 sana
788 4033 819 4082 et
840 4018 979 4082 morbosa
1003 4016 1141 4099 Oesoph·

227 4145 391 4223 Strudura,
415 4167 484 4232 pag.
499 4149 550 4231 56.
