2692 4874
446 378 852 464 uuorsrrmorn.
1092 404 1137 482 57

205 633 304 721 riori,
321 633 400 706 vice
417 623 532 705 valvae
550 631 744 727 fungentis,
774 629 972 728 conspexit.
1024 629 1136 702 Cibus

206 799 280 872 ferd
310 799 425 870 omnis
457 823 477 869 e
509 797 710 871 ventriculo
737 797 1007 893 prohibebatur,
1038 817 1135 889 aegro

205 962 342 1037 interea
359 957 465 1036 facile
482 929 660 1036 vomente.
713 962 944 1057 Oesophagus
970 961 1135 1054 aliquan-

204 1129 252 1200 do
284 1128 505 1200 ulceratione
545 1129 735 1200 carcinode
767 1127 931 1200 afficitur.
1000 1128 1137 1198 Guttur

203 1316 349 1386 quoque
367 1292 472 1364 fimili
489 1291 598 1362 modo
614 1291 674 1363 lue
687 1289 838 1363 venerei
855 1290 1012 1360 laeditur.
1056 1290 1134 1360 Ex-

204 1456 323 1550 empla
348 1454 429 1528 sunt
454 1457 643 1528 innumera
671 1472 855 1528 tumorum
880 1457 918 1528 in
943 1454 1134 1549 oesophago

204 1629 384 1702 natorum,
416 1616 522 1708 (Vid.
551 1616 646 1686 Tab.
664 1618 732 1688 VI.
751 1618 840 1687 VII.
860 1634 896 1689 et
912 1618 1039 1714 XII.),
1073 1632 1135 1687 aut

203 1778 403 1871 apartibus
419 1778 547 1849 vicinis
573 1780 611 1850 in
636 1794 762 1872 guttur
777 1781 1024 1875 pendentium,
1053 1803 1135 1871 quae

204 1939 391 2035 chirurgia
408 1940 481 2013 solit
497 1957 681 2013 curantur.

205 2404 209 2411 '
318 2431 389 2500 uu
415 2429 594 2503 cauus
620 2429 1028 2507 Excrrnnrmua

253 2752 557 2824 Exinanitionum
584 2752 774 2825 solitarum
807 2753 1006 2850 suppreffi0,
1048 2758 1135 2829 ficut

207 2919 395 3004 mendum,
410 2916 730 3005 haemorrhoidum,
747 2917 818 2991 &c
837 2942 856 2988 a
871 2915 1028 2989 Dotiore
1038 2919 1136 2989 Pun-
1248 2978 1251 2983 ⁴

209 3110 331 3158 crvnu
351 3099 387 3156 et
403 3085 481 3156 aliis
512 3083 630 3156 ansam
657 3083 863 3179 dysphagiae
890 3086 1051 3178 praebere
1080 3085 1137 3155 di·
1164 3069 1166 3074 ’

204 3245 313 3331 citur,
329 3245 569 3339 exemplaque
587 3246 793 3342 opinionem
810 3248 903 3318 hanc
921 3247 1136 3320 confirman-

203 3407 256 3478 tia
272 3409 480 3481 traduntur.

257 3566 478 3639 Irritationes
507 3595 651 3664 quoque
680 3573 789 3644 variae
819 3563 1053 3670 oesophagum
1082 3579 1136 3650 in·

205 3719 404 3794 flammant.
457 3725 661 3799 Tumorum
687 3744 808 3801 autem
826 3744 923 3802 ortus
952 3729 1056 3801 causa
1075 3732 1137 3802 ad-

206 3885 279 3956 huc
309 3890 437 3980 partim
466 3892 623 3986 cognita.
677 3893 818 3968 Statum
850 3894 1043 3987 quendam,
1078 3921 1138 3968 ac·

583 4058 621 4127 H
885 4128 890 4142 ,
931 4061 1138 4154 tionemque
