2692 4874
204 406 307 456 20.
401 379 726 456 DISPUTATIO
752 384 964 457 MEDICA
1059 392 1062 399 ’
1164 390 1170 397 ’

178 620 338 714 -partim
355 619 575 710 diffolutum,
605 622 746 696 vomitu
774 648 822 711 ex
851 623 1045 720 oesophago
1075 651 1144 699 ex-

133 766 137 772 *
208 784 352 881 pulsum
369 784 441 858 fuit
451 788 489 859 *.
690 742 693 746 ἢ
1070 752 1073 757 ι

255 955 329 1028 Res
345 953 432 1029 verb,
456 952 656 1026 insolubilis
679 953 845 1042 existens,
876 969 914 1028 et
940 952 1151 1049 respiratio-

208 1141 293 1189 nem
310 1117 420 1190 etiam
437 1117 650 1214 impedient,
681 1141 729 1188 ex
757 1114 952 1213 oefophago
969 1095 1149 1189 ¹removeri

211 1282 332 1354 debet.

260 1449 344 1519 Hoc
361 1447 405 1521 fit
421 1464 567 1544 gutture
585 1447 710 1544 plum&
727 1447 866 1520 irritato
896 1447 943 1520 ad
962 1436 1150 1519 ‘vomitum

211 1612 474 1702 excitandum3
513 1636 580 1684 nec
614 1613 699 1685 inde
734 1610 894 1704 sequitur
927 1606 1149 1704 periculum,

212 1753 356 1845 stimulo
373 1772 471 1844 enim
488 1790 638 1863 remoto,
657 1775 814 1848 vomitus
831 1774 948 1846 ceffat.

263 1936 337 2009 Vel
359 1940 385 2009 fi
408 1963 463 2011 res
489 1940 528 2011 in
555 1914 748 2035 oesopbago
777 1938 891 2012 infixa
919 1954 1037 2012 totum
1058 1936 1152 2009 oeso-
1181 1943 1187 1958 ⁵

213 2101 376 2196 phagum
405 2125 479 2173 non
508 2054 659 2196 implete
677 2115 718 2173 ut
744 2114 931 2173 evomatur
956 2099 1152 2172 nitendum

217 2288 284 2359 per
309 2265 593 2360 ipecacuanham
623 2281 685 2336 aut
714 2220 955 2337 antimortium
971 2260 1152 2335 tartarisa-

217 2433 310 2509 tum,
341 2421 399 2493 vel
416 2447 480 2516 per
496 2425 650 2496 emetica
666 2424 907 2520 praesentiora,
934 2423 988 2495 uti
1005 2422 1158 2494 zincum

216 2583 452 2673 vitriolatum,
485 2610 641 2682 cuprum
672 2584 908 2690 vitriolatutn,
946 2599 984 2656 et
1016 2583 1156 2655 flavum

219 2741 435 2836 hydrargyri
453 2745 617 2818 oxidum.
739 2743 741 2749 ’

268 2908 307 2981 Si
340 2911 492 2982 emetica
525 2937 622 3029 aeger
658 2912 837 3010 deglutire
879 2926 1046 3004 nequeat,
1089 2935 1157 3006 per

220 3094 329 3143 anum
355 3070 458 3163 injici
483 3089 635 3172 oportet.

269 3232 353 3302 Hoc
388 3233 535 3307 confilio
568 3236 758 3309 antimonii
792 3235 982 3310 tartarisati
1011 3235 1157 3327 solutio,

221 3407 280 3480 vel
309 3405 501 3480 nicotianae
530 3399 701 3492 infusum,
731 3403 952 3493 adhibetur3
1002 3405 1072 3474 hoc
1100 3403 1159 3475 in·

1036 3567 1158 3648 fusum

265 4092 282 4129 ⁴*
304 4091 383 4175 Vid.
399 4092 462 4178 Op·
478 4087 623 4174 Chirurg.
643 4109 709 4173 cap.
719 4109 772 4174 39.
